@article{Hinton2015,
archivePrefix = {arXiv},
arxivId = {1503.02531},
author = {Hinton, Geoffrey and Vinyals, Oriol and Dean, Jeff},
journal = {arXiv:1503.02531},
pages = {1--9},
title = {{Distilling the Knowledge in a Neural Network}},
year = {2015}
}

@article{Raffel2014,
author = {Raffel, Colin and Mcfee, Brian and Humphrey, Eric J. and Salamon, Justin and Nieto, Oriol and Liang, Dawen and Ellis, Daniel P. W.},
journal = {Proc. of the International Society for Music Information Retrieval Conference (ISMIR)},
pages = {367--372},
title = {{mir{\_}eval: A Transparent Implementation of Common MIR Metrics}},
year = {2014}
}
