@article{Palmer1997,
author = {Palmer, Caroline},
journal = {Annual Review of Psychology},
pages = {115--138},
title = {{Music performance}},
volume = {48},
year = {1997}
}

@article{Wesolowski2016,
author = {Wesolowski, Brian C. and Wind, Stefanie A. and {Engelhard Jr.}, George},
journal = {Music Perception},
number = {5},
pages = {662--678},
title = {{Examining Rater Percision in Music Performance Assessment: An Analysis of Rating Scale Structure using the Multifaceted Rasch Partial Credit Model}},
volume = {33},
year = {2016}
}

@article{Thompson2003,
author = {Thompson, Sam and Williamon, Aaron},
journal = {Music Perception},
number = {1},
pages = {21--41},
title = {{Evaluating evaluation: Musical performance assessment as a research tool}},
volume = {21},
year = {2003}
}

@InCollection{Dittmar2012,
  author =	{Christian Dittmar and Estefan{\'i}a Cano and Jakob Abe{\ss}er and Sascha Grollmisch},
  title =	{{Music Information Retrieval Meets Music Education}},
  booktitle =	{Multimodal Music Processing},
  pages =	{95--120},
  year =	{2012},
  volume =	{3},
  publisher =	{Schloss Dagstuhl--Leibniz-Zentrum fuer Informatik},
}

@article{Tzanetakis2002,
author = {Tzanetakis, George and Cook, Perry},
journal = {IEEE Transactions on Audio, Speech and Language Processing},
number = {5},
pages = {293--302},
title = {{Musical genre classification of audio signals}},
volume = {10},
year = {2002}
}

@book{Lerch2012,
author = {Lerch, Alexander},
pages = {272},
publisher = {John Wiley {\&} Sons},
title = {{An Introduction to Audio Content Analysis: Applications in Signal Processing and Music Informatics}},
year = {2012}
}

@inproceedings{Nakano2006a,
author = {Nakano, Tomoyasu and Goto, Masataka and Hiraga, Yuzuru},
booktitle = {Proceedings of International Conference on Spoken Language Processing (ICSLP)},
pages = {1706--1709},
title = {{An automatic singing skill evaluation method for unknown melodies using pitch interval accuracy and vibrato features}},
year = {2006}
}

@inproceedings{Barbancho2009,
author = {Barbancho, Isabel and Bandera, Cristina De and Barbancho, Ana M and Tard, Lorenzo J},
booktitle = {Proceedings of the International Conference on Acoustics Speech and Signal Processing (ICASSP)},
pages = {189--192},
title = {{Transcription and expressiveness detection system for violin music}},
year = {2009}
}

@inproceedings{Abe√üer2013,
author = {Abe{\ss}er, Jakob and Hasselhorn, Johannes and Dittmar, Christian and Lehmann, Andreas and Grollmisch, Sascha},
booktitle = {Proceedings of the International Symposium on Computer Music Multidisciplinary Research (CMMR)},
pages = {975--988},
title = {{Automatic quality assessment of vocal and instrumental performances of ninth-grade and tenth-grade pupils}},
year = {2013}
}

@inproceedings{Han2014,
author = {Han, Yoonchang and Lee, Kyogu},
booktitle = {Proceedings of the International Society for Music Information Retrieval Conference (ISMIR)},
pages = {77--82},
title = {{Hierarchical approach to detect common mistakes of beginner flute players}},
year = {2014}
}


@inproceedings{Wu2016,
author = {Wu, Chih-Wei and Gururani, Siddharth and Laguna, Christophoer and Pati, Ashis and Vidwans, Amruta and Lerch, Alexander},
booktitle = {Proceedings of International Conference on Music Perception and Cognition (ICMPC)},
pages = {99--102},
title = {{Towards the Objective Assessment of Music Performances}},
year = {2016}
}

@article{Lee2009a,
author = {Lee, Honglak and Largman, Yan and Pham, Peter and Ng, Andrew Y.},
journal = {Advances in Neural Information Processing Systems},
pages = {1--9},
title = {{Unsupervised feature learning for audio classification using convolutional deep belief networks}},
year = {2009}
}


@inproceedings{Hamel2010,
author = {Hamel, Philippe and Eck, Douglas},
booktitle = {Proceedings of International Society for Music Information Retrieval Conference (ISMIR)},
pages = {339--344},
title = {{Learning Features from Music Audio with Deep Belief Networks.}},
year = {2010}
}

@inproceedings{Henaff2011,
author = {Henaff, Mikael and Jarrett, Kevin and Kavukcuoglu, Koray and LeCun, Yann},
booktitle = {Proceedings of International Society for Music Information Retrieval Conference (ISMIR)},
pages = {681--686},
title = {{Unsupervised learning of sparse features for scalable audio classification.}},
year = {2011}
}

@inproceedings{Nam2012,
author = {Nam, Juhan and Herrera, Jorge and Slaney, Malcolm and Smith, Julius},
booktitle = {Proceedings of the International Society for Music Information Retrieval Conference (ISMIR)},
pages = {565--570},
title = {{Learning sparse feature representation for music annotation and retrieval}},
year = {2012}
}

@inproceedings{Huang2014,
author = {Huang, Po-Sen and Kim, Minje and Hasegawa-Johnson, Mark and Smaragdis, Paris},
booktitle = {Proceedings of the International Society for Music Information Retrieval Conference (ISMIR)},
title = {{Singing-voice separation from monaural recordings using deep recurrent neural networks}},
year = {2014}
}

@article{Benetos2013,
author = {Benetos, Emmanouil and Dixon, Simon and Giannoulis, Dimitrios and Kirchhoff, Holger and Klapuri, Anssi},
journal = {Journal of Intelligent Information Systems},
month = {July},
title = {{Automatic music transcription: challenges and future directions}},
year = {2013}
}

@inproceedings{Su2014Guitar,
author = {Su, Li and Yu, Li-Fan and Yang, Yi-Hsuan},
booktitle = {Proceedings of the International Society for Music Information Retrieval Conference (ISMIR)},
pages = {9--14},
title = {{Sparse cepstral and phase codes for guitar playing technique classification}},
year = {2014}
}

@article{Su2014Violin,
author = {Su, Li and Lin, Hsin Ming and Yang, Yi Hsuan},
journal = {IEEE/ACM Transactions on Speech and Language Processing},
keywords = {Group delay function,Instantaneous frequency deviation,Phase,Playing technique classification,Sparse coding},
number = {12},
pages = {2122--2132},
title = {{Sparse modeling of magnitude and phase-derived spectra for playing technique classification}},
volume = {22},
year = {2014}
}

@article{Efron2004,
archivePrefix = {arXiv},
arxivId = {arXiv:math/0406456v2},
author = {Efron, Bradley and Hastie, Trevor and Johnstone, Iain and Tibshirani, Robert},
journal = {The Annals of Statistics},
number = {2},
pages = {407--499},
primaryClass = {arXiv:math},
title = {{Least angle regression}},
volume = {32},
year = {2004}
}

@inproceedings{Mairal2009a,
archivePrefix = {arXiv},
arxivId = {0908.0050},
author = {Mairal, Julien and Bach, Francis and Ponce, Jean and Sapiro, Guillermo},
booktitle = {Proceedings of the International Conference on Machine Learning (ICML)},
pages = {1--8},
pmid = {710806},
title = {{Online dictionary learning for sparse coding}},
year = {2009}
}

@article{Chang2011,
author = {Chang, Chih-Chung and Lin, Chih-Jen},
journal = {ACM Transactions on Intelligent Systems and Technology},
number = {3},
pages = {27:1--27:27},
title = {{LIBSVM : a library for support vector machines}},
volume = {2},
year = {2011}
}

@book{McClave2003,
author = {McClave, James T. and Sincich, Terry},
edition = {9th},
isbn = {0130655988},
publisher = {Prentice Hall},
title = {{Statistics}},
year = {2003}
}

@inproceedings{Vincent2008,
archivePrefix = {arXiv},
arxivId = {arXiv:1412.6550v4},
author = {Vincent, Pascal and Larochelle, Hugo and Bengio, Yoshua and Manzagol, Pierre-Antoine},
booktitle = {Proceedings of the International Conference on Machine Learning (ICML)},
pages = {1096--1103},
pmid = {15540460},
title = {{Extracting and composing robust features with denoising autoencoders}},
year = {2008}
}

@book{lerch_software-based_2009,
	address = {M\"unchen},
	title = {Software-{Based} {Extraction} of {Objective} {Parameters} from {Music} {Performances}},
	isbn = {978-3-640-29496-1},
	publisher = {GRIN Verlag},
	author = {Lerch, Alexander},
	year = {2009},
}

@inproceedings{Hsu2016,
author = {Hsu, Kai-Chun and Lin, Chih-Shan and Chi, Tai-Shih},
booktitle = {Proceedings of International Society for Music Information Retrieval Conference (ISMIR)},
pages = {744--750},
title = {{Sparse coding based music genre classification using spectro-temporal modulations}},
year = {2016}
}

@MastersThesis{OBrien2015,
author = {O'Brien, Cian},
school = {Georgia Institute of Technology},
title = {{Supervised feature learning via sparse coding for music information rerieval}},
year = {2015}
}

@inproceedings{Vidwans2017,
author = {Vidwans, Amruta and Gururani, Siddharth and Wu, Chih-Wei and Subramanian, Vinod and Swaminathan, Rupak Vignesh},
booktitle = {Proceedings of Audio Engineering Society (AES) Conference on Semantic Audio},
title = {{Objective descriptors for the assessment of student music performances}},
year = {2017}
}
