@article{Alves2009,
author = {Alves, DS and Paulus, Jouni and Fonseca, J},
file = {:Users/mac/Documents/Mendeley Desktop/Alves, Paulus, Fonseca/17th European Signal Processing Conference (EUSIPCO 2009)/Alves, Paulus, Fonseca - 2009 - Drum transcription from multichannel recordings with non-negative matrix factorization.pdf:pdf},
journal = {17th European Signal Processing Conference (EUSIPCO 2009)},
number = {Eusipco},
pages = {894--898},
title = {{Drum transcription from multichannel recordings with non-negative matrix factorization}},
url = {http://www.eurasip.org/Proceedings/Eusipco/Eusipco2009/contents/papers/1569182670.pdf},
year = {2009}
}
@article{Benetos2013,
author = {Benetos, Emmanouil and Dixon, Simon and Giannoulis, Dimitrios and Kirchhoff, Holger and Klapuri, Anssi},
doi = {10.1007/s10844-013-0258-3},
file = {:Users/mac/Documents/Mendeley Desktop/Benetos et al/Journal of Intelligent Information Systems/Benetos et al. - 2013 - Automatic music transcription challenges and future directions.pdf:pdf},
issn = {0925-9902},
journal = {Journal of Intelligent Information Systems},
month = jul,
title = {{Automatic music transcription: challenges and future directions}},
url = {http://link.springer.com/10.1007/s10844-013-0258-3},
year = {2013}
}
@article{Dittmar2005,
author = {Dittmar, Christian},
file = {:Users/mac/Documents/Mendeley Desktop/Dittmar/1st Music Information Retrieval Evaluation eXchange/Dittmar - 2005 - Drum detection from polyphonic audio via detailed analysis of the time frequency domain.pdf:pdf},
journal = {1st Music Information Retrieval Evaluation eXchange},
keywords = {and,based template adaption and,drum detection,duced with promising results,for detection of kick,ismir,matching method is intro-,mirex},
title = {{Drum detection from polyphonic audio via detailed analysis of the time frequency domain}},
url = {http://www.music-ir.org/evaluation/mirex-results/articles/all/dittmar.pdf},
year = {2005}
}
@article{Dittmar2012,
author = {Dittmar, Christian and Uhle, Christian},
file = {:Users/mac/Documents/Mendeley Desktop/Dittmar, Uhle/Audio Engineering Society Convention 116/Dittmar, Uhle - 2004 - Further steps towards drum transcription of polyphonic music.pdf:pdf},
journal = {Audio Engineering Society Convention 116},
title = {{Further steps towards drum transcription of polyphonic music}},
url = {http://www.aes.org/e-lib/browse.cfm?elib=12673},
year = {2004}
}
@inproceedings{FitzGerald2003,
author = {FitzGerald, D and Lawlor, Bob and Coyle, Eugene},
booktitle = {The Irish Signals \& Systems Conference},
file = {:Users/mac/Documents/Mendeley Desktop/FitzGerald, Lawlor, Coyle/The Irish Signals \& Systems Conference/FitzGerald, Lawlor, Coyle - 2003 - Drum transcription in the presence of pitched instruments using prior subspace analysis.pdf:pdf},
number = {3},
title = {{Drum transcription in the presence of pitched instruments using prior subspace analysis}},
url = {http://eprints.nuim.ie/698/},
year = {2003}
}
@inproceedings{FitzGerald2002,
author = {FitzGerald, D and Lawlor, R and Coyle, Eugene},
booktitle = {Digital Audio Effects Conference (DAFX02)},
file = {:Users/mac/Documents/Mendeley Desktop/FitzGerald, Lawlor, Coyle/Digital Audio Effects Conference (DAFX02)/FitzGerald, Lawlor, Coyle - 2002 - Sub-band Independent Subspace Analysis For Drum transcription.pdf:pdf},
number = {5},
pages = {65--69},
title = {{Sub-band Independent Subspace Analysis For Drum transcription}},
url = {http://arrow.dit.ie/argcon/78/},
year = {2002}
}
@article{Gillet2008,
author = {Gillet, O. and Richard, G.},
doi = {10.1109/TASL.2007.914120},
file = {:Users/mac/Documents/Mendeley Desktop/Gillet, Richard/Audio, Speech, and Language Processing, IEEE Transactions on/Gillet, Richard - 2008 - Transcription and separation of drum signals from polyphonic music.pdf:pdf},
issn = {1558-7916},
journal = {Audio, Speech, and Language Processing, IEEE Transactions on},
month = mar,
number = {3},
pages = {529--540},
title = {{Transcription and separation of drum signals from polyphonic music}},
url = {http://ieeexplore.ieee.org/lpdocs/epic03/wrapper.htm?arnumber=4443887 http://ieeexplore.ieee.org/xpls/abs\_all.jsp?arnumber=4443887},
volume = {16},
year = {2008}
}
@inproceedings{Gillet2006,
author = {Gillet, Olivier and Richard, G},
booktitle = {Proceedings of the 7th International Symposium on Music Information Retrieval},
file = {:Users/mac/Documents/Mendeley Desktop/Gillet, Richard/Proceedings of the 7th International Symposium on Music Information Retrieval/Gillet, Richard - 2006 - Enst-drums an extensive audio-visual database for drum signals processing.pdf:pdf},
keywords = {aration,automatic drum transcrip-,campaign,drum event detection in,for example,multimodal music transcription,polyphonic music,research database,source sep-,the database used for,the mami,tion},
title = {{Enst-drums: an extensive audio-visual database for drum signals processing}},
url = {http://ismir2006.ismir.net/PAPERS/ISMIR0627\_Paper.pdf},
year = {2006}
}
@inproceedings{Helen2005,
author = {Hel\'{e}n, M and Virtanen, Tuomas},
booktitle = {Proceedings of the 13th European Signal Processing Conference},
file = {:Users/mac/Documents/Mendeley Desktop/Hel\'{e}n, Virtanen/Proceedings of the 13th European Signal Processing Conference/Hel\'{e}n, Virtanen - 2005 - Separation of drums from polyphonic music using non-negative matrix factorization and support vector machine.pdf:pdf},
title = {{Separation of drums from polyphonic music using non-negative matrix factorization and support vector machine}},
url = {http://signal.ee.bilkent.edu.tr/defevent/papers/cr1420.pdf},
year = {2005}
}
@article{Society2003,
author = {Herrera, P and Dehamel, A and Gouyon, F},
file = {:Users/mac/Documents/Mendeley Desktop/Herrera, Dehamel, Gouyon/Audio Engineering Society 114th Convention/Herrera, Dehamel, Gouyon - 2003 - Automatic labeling of unpitched percussive sounds.pdf:pdf},
journal = {Audio Engineering Society 114th Convention},
title = {{Automatic labeling of unpitched percussive sounds}},
url = {http://www.aes.org/e-lib/browse.cfm?elib=12599},
year = {2003}
}
@article{Herrera2002,
author = {Herrera, Perfecto and Yeterian, Alexandre and Gouyon, Fabien},
file = {:Users/mac/Documents/Mendeley Desktop/Herrera, Yeterian, Gouyon/Music and Artificial Intelligence/Herrera, Yeterian, Gouyon - 2002 - Automatic classification of drum sounds a comparison of feature selection methods and classification.pdf:pdf},
journal = {Music and Artificial Intelligence},
pages = {69--80},
title = {{Automatic classification of drum sounds: a comparison of feature selection methods and classification techniques}},
url = {http://link.springer.com/chapter/10.1007/3-540-45722-4\_8},
year = {2002}
}
@inproceedings{Moreau2007,
author = {Moreau, Arnaud and Flexer, Arthur},
booktitle = {International Symposium on Music Information Retrieval},
file = {:Users/mac/Documents/Mendeley Desktop/Moreau, Flexer/International Symposium on Music Information Retrieval/Moreau, Flexer - 2007 - Drum transcription in polyphonic music using non-negative matrix factorization.pdf:pdf},
title = {{Drum transcription in polyphonic music using non-negative matrix factorization}},
url = {http://citeseerx.ist.psu.edu/viewdoc/download?doi=10.1.1.135.1016\&rep=rep1\&type=pdf},
year = {2007}
}
@inproceedings{Paulus2005,
author = {Paulus, Jouni and Virtanen, Tuomas},
booktitle = {Proceedings of the 13th European Signal Processing Conference},
file = {:Users/mac/Documents/Mendeley Desktop/Paulus, Virtanen/Proceedings of the 13th European Signal Processing Conference/Paulus, Virtanen - 2005 - Drum transcription with non-negative spectrogram factorisation.pdf:pdf},
title = {{Drum transcription with non-negative spectrogram factorisation}},
url = {http://www.eurasip.org/Proceedings/Eusipco/Eusipco2005/defevent/papers/cr1410.pdf},
year = {2005}
}
@inproceedings{Seung2001,
author = {Seung, D and Lee, L},
booktitle = {Advances in neural information processing systems},
file = {:Users/mac/Documents/Mendeley Desktop/Seung, Lee/Advances in neural information processing systems/Seung, Lee - 2001 - Algorithms for non-negative matrix factorization.pdf:pdf},
number = {13},
pages = {556--562},
title = {{Algorithms for non-negative matrix factorization}},
url = {http://www.public.asu.edu/~jye02/CLASSES/Fall-2007/NOTES/lee01algorithms.pdf},
year = {2001}
}
@article{Smaragdis2003,
author = {Smaragdis, P and Brown, JC},
file = {:Users/mac/Documents/Mendeley Desktop/Smaragdis, Brown/Applications of Signal Processing to Audio and Acoustics, 2003 IEEE Workshop on/Smaragdis, Brown - 2003 - Non-negative matrix factorization for polyphonic music transcription.pdf:pdf},
isbn = {0780378504},
journal = {Applications of Signal Processing to Audio and Acoustics, 2003 IEEE Workshop on.},
pages = {177--180},
title = {{Non-negative matrix factorization for polyphonic music transcription}},
url = {http://ieeexplore.ieee.org/xpls/abs\_all.jsp?arnumber=869637 http://ieeexplore.ieee.org/xpls/abs\_all.jsp?arnumber=1285860},
year = {2003}
}
@inproceedings{Tanghe2005b,
author = {Tanghe, K and Degroeve, S and Baets, B De},
booktitle = {Proceedings of 1st Music Information Retrieval Evaluation eXchange (MIREX)},
file = {:Users/mac/Documents/Mendeley Desktop/Tanghe, Degroeve, Baets/Proc. of First Annual Music \ldots/Tanghe, Degroeve, Baets - 2005 - An algorithm for detecting and labeling drum events in polyphonic music.pdf:pdf},
title = {{An algorithm for detecting and labeling drum events in polyphonic music}},
url = {http://www.music-ir.org/mirex/abstracts/2005/tanghe.pdf},
year = {2005}
}
@article{Weinberg2009,
author = {Weinberg, Gil and Raman, A and Mallikarjuna, T},
file = {:Users/mac/Documents/Mendeley Desktop/Weinberg, Raman, Mallikarjuna/Proceedings of the 4th ACMIEEE international conference on Human robot interaction/Weinberg, Raman, Mallikarjuna - 2009 - Interactive jamming with Shimon a social robotic musician.pdf:pdf},
isbn = {9781605584041},
journal = {Proceedings of the 4th ACM/IEEE international conference on Human robot interaction},
keywords = {beat,haile,improvisation,interaction,jam,marimba,markov,melody,music,rhythm,robot,shimon,social},
pages = {233--234},
title = {{Interactive jamming with Shimon: a social robotic musician}},
url = {http://dl.acm.org/citation.cfm?id=1514152},
year = {2009}
}
@inproceedings{Yoo2010,
author = {Yoo, Jiho and Kim, Minje and Kang, Kyeongok and Choi, Seungjin},
booktitle = {Acoustics Speech and Signal Processing (ICASSP), 2010 IEEE International Conference on},
file = {:Users/mac/Documents/Mendeley Desktop/Yoo et al/Acoustics Speech and Signal Processing (ICASSP), 2010 IEEE International Conference on/Yoo et al. - 2010 - Nonnegative matrix partial co-factorization for drum source separation.pdf:pdf},
isbn = {9781424442966},
pages = {1942--1945},
title = {{Nonnegative matrix partial co-factorization for drum source separation}},
year = {2010}
}
@article{Yoshii2007a,
author = {Yoshii, Kazuyoshi and Goto, Masataka and Komatani, Kazunori and Ogata, Tetsuya and Okuno, HG},
file = {:Users/mac/Documents/Mendeley Desktop/Yoshii et al/IPSJ Journal/Yoshii et al. - 2007 - Drumix An audio player with real-time drum-part rearrangement functions for active music listening.pdf:pdf},
journal = {IPSJ Journal},
number = {3},
title = {{Drumix: An audio player with real-time drum-part rearrangement functions for active music listening}},
url = {https://staff.aist.go.jp/k.yoshii/papers/ipsj-2007-yoshii.pdf},
volume = {48},
year = {2007}
}
@article{Yoshii2004,
author = {Yoshii, Kazuyoshi and Goto, Masataka and Okuno, HG},
file = {:Users/mac/Documents/Mendeley Desktop/Yoshii, Goto, Okuno/\ldots Conference on Music Information \ldots/Yoshii, Goto, Okuno - 2004 - AUTOMATIC DRUM SOUND DESCRIPTION FOR REAL-WORLD MUSIC USING TEMPLATE ADAPTATION AND MATCHING METHODS.pdf:pdf},
journal = {\ldots Conference on Music Information \ldots},
keywords = {automatic description,drum sounds,polyphonic music,template-adaptation,template-matching},
number = {October},
pages = {184--191},
title = {{AUTOMATIC DRUM SOUND DESCRIPTION FOR REAL-WORLD MUSIC USING TEMPLATE ADAPTATION AND MATCHING METHODS}},
url = {http://ismir2004.ismir.net/proceedings/p036-page-184-paper172.pdf},
year = {2004}
}
@inproceedings{Yoshii2004b,
author = {Yoshii, Kazuyoshi and Goto, Masataka and Okuno, HG},
booktitle = {ISCA Tutorial and Research Workshop on Statistical and Perceptual Audio Processing},
file = {:Users/mac/Documents/Mendeley Desktop/Yoshii, Goto, Okuno/ISCA Tutorial and Research Workshop on Statistical and Perceptual Audio Processing/Yoshii, Goto, Okuno - 2004 - Drum sound identification for polyphonic music using template adaptation and matching methods.pdf:pdf},
title = {{Drum sound identification for polyphonic music using template adaptation and matching methods}},
url = {http://www.isca-speech.org/archive\_open/sapa\_04/sap4\_51.html},
year = {2004}
}
@inproceedings{Yoshii2007,
author = {Yoshii, Kazuyoshi and Goto, Masataka and Okuno, Hiroshi G.},
booktitle = {IEEE Transactions on Audio, Speech and Language Processing},
doi = {10.1109/TASL.2006.876754},
file = {:Users/mac/Documents/Mendeley Desktop/Yoshii, Goto, Okuno/IEEE Transactions on Audio, Speech and Language Processing/Yoshii, Goto, Okuno - 2007 - Drum Sound Recognition for Polyphonic Audio Signals by Adaptation and Matching of Spectrogram Templates Wit.pdf:pdf},
issn = {1558-7916},
month = jan,
number = {1},
pages = {333--345},
title = {{Drum Sound Recognition for Polyphonic Audio Signals by Adaptation and Matching of Spectrogram Templates With Harmonic Structure Suppression}},
url = {http://ieeexplore.ieee.org/lpdocs/epic03/wrapper.htm?arnumber=4032798},
volume = {15},
year = {2007}
}
